@book{PhillipsDusty2010P3oo,
abstract = {Unleash the power of Python 3 objects},
publisher = {Packt Open Source},
isbn = {1-282-71248-9},
year = {2010},
title = {Python 3 object oriented programming : harness the power of Python 3 objects},
language = {eng},
address = {Birmingham, U.K.},
author = {Phillips, Dusty},
keywords = {Python (Computer program language); Object-oriented programming (Computer science); Object-oriented programming languages},
}

